<?xml version="1.0" encoding="UTF-8"?><collection xmlns="http://www.loc.gov/MARC21/slim"><record><leader>00599nam--2200193-i-4500</leader><controlfield tag="001">000039584</controlfield><controlfield tag="002">20161230</controlfield><controlfield tag="005">20161230201042</controlfield><controlfield tag="008">060222s1000------------r-----000-0-eng-d</controlfield><datafield ind1=" " ind2=" " tag="040"><subfield code="a">IFIN-HH</subfield></datafield><datafield ind1=" " ind2=" " tag="080"><subfield code="a">539.2</subfield></datafield><datafield ind1="1" ind2=" " tag="100"><subfield code="a">Rose, Robert M</subfield></datafield><datafield ind1="1" ind2="0" tag="245"><subfield code="a">Electronic properties</subfield><subfield code="b">The structure and properties of materials volume iv</subfield><subfield code="c">Robert m. rose, lawrence a. shepard, john wulff</subfield></datafield><datafield ind1=" " ind2=" " tag="260"><subfield code="a">New York</subfield><subfield code="b">John Wiley &amp; Sons, Inc</subfield><subfield code="c">1966</subfield></datafield><datafield ind1=" " ind2=" " tag="300"><subfield code="a">X + 306P</subfield></datafield><datafield ind1=" " ind2=" " tag="490"><subfield code="a">The Structure And Properties Of Materials</subfield></datafield><datafield ind1="1" ind2=" " tag="700"><subfield code="a">Wulff, John</subfield></datafield><datafield ind1=" " ind2=" " tag="852"><subfield code="a">25929</subfield><subfield code="c">539.2</subfield></datafield><datafield ind1=" " ind2=" " tag="CAT"><subfield code="a">Sys</subfield><subfield code="c">20121012</subfield><subfield code="h">144946</subfield></datafield></record></collection>